@inproceedings{NK:CTMDP-bisimulation,
  title={Bisimulation and logical preservation for continuous-time Markov 
  decision processes},
  author={Neuh{\"a}u{\ss}er, Martin R and Katoen, Joost-Pieter},
  booktitle={International Conference on Concurrency Theory},
  pages={412--427},
  year={2007},
  organization={Springer}
}

@book{Ash:book,
	title={Probability and Measure Theory},
	author={Ash, R.B. and Dol{\'e}ans-Dade, C.},
	isbn={9780120652020},
	lccn={99065669},
	year={2000},
	publisher={Harcourt/Academic Press}
}
